@book{richardson2002models,
  title={Models Of Cognitive Development},
  author={Richardson, K. and Richardson, P.K.},
  isbn={9781135470982},
  year={2002},
  publisher={Taylor \& Francis},
},

